<record><leader>00000cas a22000007a 4500</leader><controlfield tag="001">23098126</controlfield><controlfield tag="008">910213d18961896couwr ne      0    0eng d</controlfield><datafield ind1=" " ind2=" " tag="010"><subfield code="a">sn 91052062 </subfield></datafield><datafield ind1=" " ind2=" " tag="040"><subfield code="a">CNQ</subfield><subfield code="b">eng</subfield><subfield code="c">CNQ</subfield><subfield code="d">OCLCQ</subfield></datafield><datafield ind1=" " ind2=" " tag="042"><subfield code="a">msc</subfield></datafield><datafield ind1="0" ind2=" " tag="130"><subfield code="a">Weekly ledger (Glenwood Springs, Colo. : 1896)</subfield></datafield><datafield ind1="1" ind2="4" tag="245"><subfield code="a">The weekly ledger.</subfield></datafield><datafield ind1="1" ind2="3" tag="246"><subfield code="a">Glenwood Springs ledger</subfield></datafield><datafield ind1=" " ind2=" " tag="260"><subfield code="a">Glenwood Springs, Colo. :</subfield><subfield code="b">Henrie &amp; Stidger</subfield></datafield><datafield ind1=" " ind2=" " tag="300"><subfield code="a">v.</subfield></datafield><datafield ind1=" " ind2=" " tag="310"><subfield code="a">Weekly</subfield></datafield><datafield ind1="0" ind2=" " tag="362"><subfield code="a">Vol. 5, no. 29 (Apr. 4, 1896)-v. 6, no. 13 (Dec. 26, 1896).</subfield></datafield><datafield ind1=" " ind2=" " tag="530"><subfield code="a">Available on microfilm from the Colorado Historical Society.</subfield></datafield><datafield ind1=" " ind2=" " tag="752"><subfield code="a">United States</subfield><subfield code="b">Colorado</subfield><subfield code="c">Garfield</subfield><subfield code="d">Glenwood Springs.</subfield></datafield><datafield ind1="0" ind2="0" tag="780"><subfield code="t">Ledger (Glenwood Springs, Colo.)</subfield><subfield code="w">(DLC)sn 91052061</subfield></datafield><datafield ind1="0" ind2="7" tag="785"><subfield code="t">Glenwood post (Glenwood Springs, Colo. : 1890)</subfield></datafield><datafield ind1="0" ind2="7" tag="785"><subfield code="t">Glenwood post and the weekly ledger</subfield><subfield code="w">(DLC)sn 91052063</subfield></datafield></record>